@mastersthesis{deeplearningcontouring,
  author  = {Daniel Kaye},
  school  = {Imperial College London},
  title   = {Deep Learning for Automatic Contouring of Anatomical Structures for Radiotherapy Planning},
  year    = {2023}
}

@mastersthesis{semisupervisedcontouring,
  author  = {Gregory Filbrandt},
  school  = {Imperial College London},
  title   = {Semi-supervised deep learning on heterogeneously labelled data: Applied to CT segmentation of tumours},
  year    = {2021}
}