@techreport{SAM,
  author      = {Alexander Kirillov, Eric Mintun, Nikila Ravi, Hanzi Mao, Chloe Rolland, Laura Gustafson, Tete Xiao, Spencer Whitehead, Alexander C. Berg, Wan-Yen Lo, Piotr Dollar, Ross Girshick},
  institution = {Meta AI Research},
  title       = {Segment Anything},
  year        = {2023},
  url         = {https://arxiv.org/abs/2304.02643}
}

@misc{SAMsite,
  author       = {Meta},
  howpublished = {},
  title        = {Segment Anything},
  year         = {},
  url          = {https://segment-anything.com/}
}

@misc{SAMgit,
  author       = {ericmintun, nikhilaravi, HannaMao, SpencerWhitehead, lmmx, calebrob6, anh-vunguyen, pierizvi, triple-Mu, derekray311511, jp-x-g, Xrenya, EndingCredits, Elm-Forest, eltociear, advaybot},
  howpublished = {GitHub},
  title        = {Segment-Anythin},
  year         = {2023},
  url          = {https://github.com/facebookresearch/segment-anything}
}

@misc{AMLART-data,
  author       = {Institute of Cancer Research and The Royal Marsden Hospital},
  title        = {AMLART data}
}
