https://imperialcollege.atlassian.net/wiki/spaces/docteaching/pages/152414469/Project+Report

This consists of a list of all the books, articles, manuals etc. used in the project and referred to in the report. You should provide enough information to allow the reader to find the source. In particular references must contain all the information regarding the publication of the paper and must be consistently formatted. Usually this means:

    For journals: Authors, Title, Journal, volume number, issue number, page number, publisher, month, year.
    For conferences: Authors, Title, Conference name, Place where held, publisher, page number, month, year.
    For technical reports: Authors, Title, institution, Technical report number, month, year.
    For web references: Authors, Title, Web-reference, date accessed.
    URLs and DOIs are optional for published work but preferred.


@article{einstein,
    author =       "Albert Einstein",
    title =        "{Zur Elektrodynamik bewegter K{\"o}rper}. ({German})
        [{On} the electrodynamics of moving bodies]",
    journal =      "Annalen der Physik",
    volume =       "322",
    number =       "10",
    pages =        "891--921",
    year =         "1905",
    DOI =          "http://dx.doi.org/10.1002/andp.19053221004"
}

@book{latexcompanion,
    author    = "Michel Goossens and Frank Mittelbach and Alexander Samarin",
    title     = "The \LaTeX\ Companion",
    year      = "1993",
    publisher = "Addison-Wesley",
    address   = "Reading, Massachusetts"
}

@misc{knuthwebsite,
    author    = "Donald Knuth",
    title     = "Knuth: Computers and Typesetting",
    url       = "http://www-cs-faculty.stanford.edu/\~{}uno/abcde.html"
}

@techreport{SAM,
  author      = {Alexander Kirillov and Eric Mintun and Nikila Ravi and Hanzi Mao and Chloe Rolland and Laura Gustafson and Tete Xiao and Spencer Whitehead and Alexander C. Berg and Wan-Yen Lo and Piotr Dollar and Ross Girshick},
  institution = {Meta AI Research},
  title       = {Segment Anything},
  year        = {2023},
  url         = {https://arxiv.org/abs/2304.02643}
}